@book{goossens94,
  title={{The LATEX companion}},
  author={Goossens, M. and Mittelbach, F. and Samarin, A.},
  year={1994},
  publisher={Addison-Wesley}
}

@book{lamport94,
  title={{La T E X: A Document Preparation System}},
  author={Lamport, L. and others},
  year={1994},
  publisher={Addison-Wesley, Reading, Massachusetts,}
}

@inbook{exemplo,
address={S\~a Paulo},
booktitle={Entendendo o meio ambiente},
organization={São Paulo {(Estado). Secretaria do Meio Ambiente}},
title={Tratados e organizações ambientais em matéria de meio
ambiente},
url={http://www.bdt.org.br/sma/entendendo/atual.htm},
urlaccessdate={8 mar. 1999},
volume={1},
year={1999}}